@inproceedings{C:AKLLZ22,
  author    = {Prabhanjan Ananth and
               Fatih Kaleoglu and
               Xingjian Li and
               Qipeng Liu and
               Mark Zhandry},
  title     = {On the Feasibility of Unclonable Encryption, and More},
  editor    = {Yevgeniy Dodis and Thomas Shrimpton},
  booktitle = {CRYPTO 2022},
  series    = {Lecture Notes in Computer Science},
  year      = {2022},
}

@article{ARXIV:ColMajPor20,
  author    = {Andrea Coladangelo and
               Christian Majenz and
               Alexander Poremba},
  title     = {Quantum copy-protection of compute-and-compare programs in the quantum
               random oracle model},
  journal   = {arXiv (CoRR)},
  volume    = {abs/2009.13865},
  year      = {2020},
  url       = {https://arxiv.org/abs/2009.13865},
}


@article{Quantum:CulVid22,
	doi = {10.22331/q-2022-09-01-791},
	year = 2022,
	month = {sep},
	publisher = {Verein zur Forderung des Open Access Publizierens in den Quantenwissenschaften},
	volume = {6},
	pages = {791},
	author = {Eric Culf and Thomas Vidick},
	title = {A monogamy-of-entanglement game for subspace coset states},
	journal = {Quantum}
}


@inproceedings{boneh2001method,
  title={A method for fast revocation of public key certificates and security capabilities},
  author={Boneh, Dan and Ding, Xuhua and Tsudik, Gene and Wong, Chi Ming},
  booktitle={10th USENIX Security Symposium (USENIX Security 01)},
  year={2001}
}

@article{BB84,
  title={Quantum cryptography: Public key distribution and coin tossing},
  author={Bennett, Charles H and Brassard, Gilles},
  journal={arXiv preprint arXiv:2003.06557},
  year={2020},
  doi = {10.1016/j.tcs.2014.05.025},
}

@inproceedings{aaronson2012quantum,
  title={Quantum money from hidden subspaces},
  author={Aaronson, Scott and Christiano, Paul},
  booktitle={Proceedings of the forty-fourth annual ACM symposium on Theory of computing},
  pages={41--60},
  year={2012}
}

@article{Winter99,
  author    = {Andreas J. Winter},
  title     = {Coding theorem and strong converse for quantum channels},
  journal   = {{IEEE} Trans. Inf. Theory},
  volume    = {45},
  number    = {7},
  pages     = {2481--2485},
  year      = {1999},
  doi       = {10.1109/18.796385}, 
}


@article{CC:MarWat05,
  author    = {Chris Marriott and
               John Watrous},
  title     = {Quantum Arthur-Merlin games},
  journal   = {Comput. Complex.},
  volume    = {14},
  number    = {2},
  pages     = {122--152},
  doi       = {10.1007/s00037-005-0194-x},
  year      = {2005},
}


@inproceedings{AC02,
  author    = {Mark Adcock and
               Richard Cleve},
  editor    = {Helmut Alt and
               Afonso Ferreira},
  title     = {A Quantum Goldreich-Levin Theorem with Cryptographic Applications},
  booktitle = {{STACS} 2002, 19th Annual Symposium on Theoretical Aspects of Computer
               Science, Antibes - Juan les Pins, France, March 14-16, 2002, Proceedings},
  series    = {Lecture Notes in Computer Science},
  volume    = {2285},
  pages     = {323--334},
  publisher = {Springer},
  year      = {2002},
  doi       = {10.1007/3-540-45841-7\_26},
}

@article{AC:KitNis22,
  author    = {Fuyuki Kitagawa and
               Ryo Nishimaki},
  title     = {Functional Encryption with Secure Key Leasing},
  journal   = {Asiacrypt 2022 (to appear)},
  year      = {2022},
}

@inproceedings{aaronson2009quantum,
  title={Quantum copy-protection and quantum money},
  author={Aaronson, Scott},
  booktitle={2009 24th Annual IEEE Conference on Computational Complexity},
  pages={229--242},
  year={2009},
  organization={IEEE},
  doi = {10.1109/ccc.2009.42}
}

@article{wiesner1983conjugate,
  title={Conjugate coding},
  author={Wiesner, Stephen},
  journal={ACM Sigact News},
  volume={15},
  number={1},
  pages={78--88},
  year={1983},
  publisher={ACM New York, NY, USA},
  doi       = {10.1145/1008908.1008920}
}

@inproceedings{amos2020one,
  title={One-shot signatures and applications to hybrid quantum/classical authentication},
  author={Amos, Ryan and Georgiou, Marios and Kiayias, Aggelos and Zhandry, Mark},
  booktitle={Proceedings of the 52nd Annual ACM SIGACT Symposium on Theory of Computing},
  pages={255--268},
  year={2020}
}

@inproceedings{ananth2021secure,
  title={Secure software leasing},
  author={Ananth, Prabhanjan and Placa, Rolando L La},
  booktitle={Annual International Conference on the Theory and Applications of Cryptographic Techniques},
  pages={501--530},
  year={2021},
  organization={Springer}
}

@article{CMP20,
  title={Quantum copy-protection of compute-and-compare programs in the quantum random oracle model},
  author={Coladangelo, Andrea and Majenz, Christian and Poremba, Alexander},
  journal={arXiv preprint arXiv:2009.13865},
  year={2020}
}

@inproceedings{broadbent2021secure,
  title={Secure software leasing without assumptions},
  author={Broadbent, Anne and Jeffery, Stacey and Lord, S{\'e}bastien and Podder, Supartha and Sundaram, Aarthi},
  booktitle={Theory of Cryptography Conference},
  pages={90--120},
  year={2021},
  organization={Springer}
}

@inproceedings{dodis2003scalable,
  title={Scalable public-key tracing and revoking},
  author={Dodis, Yevgeniy and Fazio, Nelly and Kiayias, Aggelos and Yung, Moti},
  booktitle={Proceedings of the twenty-second annual symposium on Principles of distributed computing},
  pages={190--199},
  year={2003}
}

@inproceedings{dodis2003public,
  title={Public key trace and revoke scheme secure against adaptive chosen ciphertext attack},
  author={Dodis, Yevgeniy and Fazio, Nelly},
  booktitle={International Workshop on Public Key Cryptography},
  pages={100--115},
  year={2003},
  organization={Springer}
}

@inproceedings{lewko2010revocation,
  title={Revocation systems with very small private keys},
  author={Lewko, Allison and Sahai, Amit and Waters, Brent},
  booktitle={2010 IEEE Symposium on Security and Privacy},
  pages={273--285},
  year={2010},
  organization={IEEE}
}


@inproceedings{kitagawa2021secure,
  title={Secure software leasing from standard assumptions},
  author={Kitagawa, Fuyuki and Nishimaki, Ryo and Yamakawa, Takashi},
  booktitle={Theory of Cryptography Conference},
  pages={31--61},
  year={2021},
  organization={Springer}
}

@article{coladangelo2020quantum,
  title={Quantum copy-protection of compute-and-compare programs in the quantum random oracle model},
  author={Coladangelo, Andrea and Majenz, Christian and Poremba, Alexander},
  journal={arXiv preprint arXiv:2009.13865},
  year={2020}
}

@article{georgiou2020unclonable,
  title={Unclonable decryption keys},
  author={Georgiou, Marios and Zhandry, Mark},
  journal={Cryptology ePrint Archive},
  year={2020}
}

@inproceedings{BGK+24,
  title={Software with certified deletion},
  author={Bartusek, James and Goyal, Vipul and Khurana, Dakshita and Malavolta, Giulio and Raizes, Justin and Roberts, Bhaskar},
  booktitle={Annual International Conference on the Theory and Applications of Cryptographic Techniques},
  pages={85--111},
  year={2024},
  organization={Springer}
}
